<?xml version="1.0" encoding="UTF-8"?><collection xmlns="http://www.loc.gov/MARC21/slim"><record><leader>00349nam--2200133-i-4500</leader><controlfield tag="001">000024732</controlfield><controlfield tag="002">20161230</controlfield><controlfield tag="005">20161230201035</controlfield><controlfield tag="008">060222s1000------------r-----000-0-eng-d</controlfield><datafield ind1=" " ind2=" " tag="080"><subfield code="a">665.8(061.3)</subfield></datafield><datafield ind1=" " ind2=" " tag="245"><subfield code="a">Hydrides for energy storage</subfield></datafield><datafield ind1=" " ind2=" " tag="260"><subfield code="a">Oxford, Pergamon Press, 1978, Xvi + 599 P</subfield></datafield><datafield ind1=" " ind2=" " tag="700"><subfield code="a">Andresen, A.F.And Maeland, A.J</subfield></datafield><datafield ind1=" " ind2=" " tag="852"><subfield code="a">79327</subfield></datafield></record></collection>